@article{Balasubramani22JPhysChemB126p5413,
author = {Balasubramani, Sree Ganesh and Schwartz, Steven D.},
title = {Transition Path Sampling Based Calculations of Free Energies for Enzymatic Reactions: The Case of Human Methionine Adenosyl Transferase and Plasmodium vivax Adenosine Deaminase},
journal = {J. Phys. Chem. B},
volume = {126},
number = {29},
pages = {5413-5420},
year = {2022},
doi = {10.1021/acs.jpcb.2c03251}
}

@article{Frost23JPhysChemB127p144,
author = {Frost, Clara F. and Balasubramani, Sree Ganesh and Antoniou, Dimitri and Schwartz, Steven D.},
title = {Connecting Conformational Motions to Rapid Dynamics in Human Purine Nucleoside Phosphorylase},
journal = {J. Phys. Chem. B},
volume = {127},
number = {1},
pages = {144-150},
year = {2023},
doi = {10.1021/acs.jpcb.2c07243}
}


@article{Crawshaw22NatChem14p313,
author = {Crawshaw, R. and Crossley, A. E. and Johannissen, L. and Burke, A. J. and Hay, S. and Levy, C. and Baker, D. and Lovelock, S. L. and Green, A. P.},
doi = {10.1038/s41557-021-00833-9},
journal = {Nat. Chem.},
number = {3},
pages = {313--320},
title = {Engineering an efficient and enantioselective enzyme for the Morita--Baylis--Hillman reaction},
volume = {14},
year = {2022}
}

@article{Bolhuis02AnnRevPhysChem53p291,
author = {Bolhuis, P. G. and Chandler, D. and Dellago, C. and Geissler, P. L.},
title = {TRANSITION PATH SAMPLING: Throwing Ropes Over Rough Mountain Passes, in the Dark},
journal = {Ann. Rev. Phys. Chem.},
volume = {53},
number = {1},
pages = {291-318},
year = {2002},
doi = {10.1146/annurev.physchem.53.082301.113146}
}